<?xml version="1.0" encoding="UTF-8"?><collection xmlns="http://www.loc.gov/MARC21/slim"><record><leader>00535nam--2200157-i-4500</leader><controlfield tag="001">000013707</controlfield><controlfield tag="002">20161230</controlfield><controlfield tag="005">20170112232618</controlfield><controlfield tag="008">060222s1000------------r-----000-0-eng-d</controlfield><datafield ind1=" " ind2=" " tag="080"><subfield code="a">621.039(061.3):614.871</subfield></datafield><datafield ind1=" " ind2=" " tag="245"><subfield code="a">Decontamination and decommissioning of nuclear facilities. Proceedings of the American Nuclear Society topical meeting in Sun Valley, Idaho, September 16-20, 1979</subfield></datafield><datafield ind1=" " ind2=" " tag="260"><subfield code="a">New York</subfield><subfield code="b">Plenum Press</subfield><subfield code="c">1979</subfield></datafield><datafield ind1=" " ind2=" " tag="300"><subfield code="a">XV + 803 p</subfield></datafield><datafield ind1=" " ind2=" " tag="700"><subfield code="a">Osterhout, Marlin M</subfield></datafield><datafield ind1=" " ind2=" " tag="852"><subfield code="a">49129</subfield></datafield><datafield ind1=" " ind2=" " tag="CAT"><subfield code="a">SYS</subfield><subfield code="c">20170112</subfield><subfield code="h">232618</subfield></datafield></record></collection>